{1:F01KNABNL2HAXXX0000000000}{2:I940KNABNL2HXXXXN3020}{4:
:20:C3C02MSCHF7CP4SN
:25:NL92KNAB0417882009
:28C:121/1
:60F:C230301EUR274,16
:61:2303010301D112,97N13228663996//C3C01PGG768E2000
:86:/TRTP/SEPA INCASSO DOORLOPEND/IBAN/NL97INGB0671063480/BIC/KNABNL2
HXXX/NAME/VCN VERZEKERINGEN/CSID/NL75 ZZZ 170789750000
/MARF/000010417882009/EREF/28663996/REMI/KENMERK 484552 PAKKETPRE
MIE VCN PAKKET ZAKELIJK VERZAMELNR. 28663996 V2023 MACHTIGING
:61:2303010301D3,5N401NONREF//C3C01AG09F006MH2
:86:/TRTP/PAKKETKOSTEN/BBAN/80000208/NAME/KNAB/REMI/PAKKETKOSTEN
:62F:C230302EUR157,69
-}
